% book
% Required fields: author or editor, title, publisher, year. 
% Optional fields: volume or number, series, address, edition, month, note.
@book{10.5555/3181286,
author = {Latora, Vito and Nicosia, Vincenzo and Russo, Giovanni},
title = {Complex Networks: Principles, Methods and Applications},
year = {2017},
isbn = {1107103185},
publisher = {Cambridge University Press},
address = {USA},
edition = {1st},
}


% article
% Required fields: author, title, journal, year. 
% Optional fields: volume, number, pages, month, note.
@article{articl2e,
author = {Bauer, Roman and Kaiser, Marcus},
year = {2017},
month = {03},
pages = {160691},
title = {Nonlinear Growth: An Origin of Hub Organization in Complex Networks},
volume = {4},
journal = {Royal Society Open Science},
doi = {10.1098/rsos.160691}
},


@article{HOLME201297,
title = {Temporal Networks},
journal = {Physics Reports},
volume = {519},
number = {3},
pages = {97-125},
year = {2012},
note = {Temporal Networks},
issn = {0370-1573},
doi = {https://doi.org/10.1016/j.physrep.2012.03.001},
url = {https://www.sciencedirect.com/science/article/pii/S0370157312000841},
author = {Petter Holme and Jari Saramäki},
},

@article {PMID:35538294,
	Title = {Discovering Trends of Social Interaction Behavior over Time: An Introduction to Relational Event Modeling : Trends of Social Interaction},
	Author = {Meijerink-Bosman, Marlyne and Back, Mitja and Geukes, Katharina and Leenders, Roger and Mulder, Joris},
	DOI = {10.3758/s13428-022-01821-8},
	Month = {May},
	Year = {2022},
	Journal = {Behavior research methods},
	ISSN = {1554-351X},
	URL = {https://doi.org/10.3758/s13428-022-01821-8},
},

@article{10.14778/2732939.2732945,
author = {Wu, Huanhuan and Cheng, James and Huang, Silu and Ke, Yiping and Lu, Yi and Xu, Yanyan},
title = {Path Problems in Temporal Graphs},
journal = {Proc. VLDB Endow.},
year = {2014},
issue_date = {May 2014},
publisher = {VLDB Endowment},
volume = {7},
number = {9},
issn = {2150-8097},
url = {https://doi.org/10.14778/2732939.2732945},
doi = {10.14778/2732939.2732945}
},

@article{10.2307/45018860,
 ISSN = {00206598, 14682354},
 URL = {http://www.jstor.org/stable/45018860},
 author = {Francis Bloch and Gabrielle Demange and Rachel Kranton},
 journal = {International Economic Review},
 number = {2},
 pages = {421--448},
 publisher = {[Economics Department of the University of Pennsylvania, Wiley, Institute of Social and Economic Research, Osaka University]},
 title = {RUMORS AND SOCIAL NETWORKS},
 urldate = {2023-02-27},
 volume = {59},
 year = {2018}
},



@article{SINGH20227570,
title = {Influence maximization frameworks, performance, challenges and directions on social network: A theoretical study},
journal = {Journal of King Saud University - Computer and Information Sciences},
volume = {34},
number = {9},
pages = {7570-7603},
year = {2022},
issn = {1319-1578},
doi = {https://doi.org/10.1016/j.jksuci.2021.08.009},
url = {https://www.sciencedirect.com/science/article/pii/S1319157821002123},
author = {Shashank Sheshar Singh and Divya Srivastva and Madhushi Verma and Jagendra Singh},
keywords = {Influence maximization, Social influence, Information diffusion, Influence evaluation, Social networks},
},

@article{MORE2019102,
title = {A SI model for social media influencer maximization},
journal = {Applied Computing and Informatics},
volume = {15},
number = {2},
pages = {102-108},
year = {2019},
issn = {2210-8327},
doi = {https://doi.org/10.1016/j.aci.2017.11.001},
url = {https://www.sciencedirect.com/science/article/pii/S221083271730162X},
author = {Jyoti Sunil More and Chelpa Lingam},
keywords = {Influencers, Social network analysis, Diffusion model, SI model, Multithreading, Marketing strategies},
},

@article{article,
author = {Kempe, David and Kleinberg, Jon and Tardos, Éva},
year = {2003},
month = {07},
pages = {},
title = {Maximizing the Spread of Influence through a Social Network},
volume = {137-146},
journal = {Proceedings of the ACM SIGKDD International Conference on Knowledge Discovery and Data Mining},
doi = {10.1145/956750.956769}
},

@unknown{unknown,
author = {Erkol, Sirag and Mazzilli, Dario and Radicchi, Filippo},
year = {2020},
month = {10},
pages = {},
title = {Influence maximization on temporal networks}
},

@article{inproceedings,
author = {Zhuang, Honglei and Sun, Yihan and Tang, Jie and Zhang, Jialin and Sun, Xiaoming},
year = {2013},
month = {12},
pages = {1313-1318},
title = {Influence Maximization in Dynamic Social Networks},
isbn = {978-0-7695-5108-1},
journal = {Proceedings - IEEE International Conference on Data Mining, ICDM},
doi = {10.1109/ICDM.2013.145}
}.
% website
% as misc
% Required fields: none. 
% Optional fields: author, title, howpublished, month, year, note.
@misc{https://doi.org/10.48550/arxiv.2206.01394,
  doi = {10.48550/ARXIV.2206.01394}, 
  url = {https://arxiv.org/abs/2206.01394},  
  author = {Xie, Ming and Zhan, Xiu-Xiu and Liu, Chuang and Zhang, Zi-Ke},
  keywords = {Social and Information Networks (cs.SI), FOS: Computer and information sciences, FOS: Computer and information sciences},  
  title = {Influence Maximization in Hypergraphs}  ,
  publisher = {arXiv},  
  year = {2022},
  copyright = {arXiv.org perpetual, non-exclusive license}
},

@misc{https://doi.org/10.48550/arxiv.2103.08035,
  doi = {10.48550/ARXIV.2103.08035},  
  url = {https://arxiv.org/abs/2103.08035},  
  author = {Lovekar, Kartik and Sengupta, Srijan and Paul, Subhadeep},  
  keywords = {Methodology (stat.ME), Applications (stat.AP), FOS: Computer and information sciences, FOS: Computer and information sciences},  
  title = {Testing for the Network Small-World Property},  
  publisher = {arXiv},  
  year = {2021}, 
  copyright = {arXiv.org perpetual, non-exclusive license}
}





